<record><leader>00000cas a22000007a 4500</leader><controlfield tag="001">8782332</controlfield><controlfield tag="008">820917c19129999ksuwr ne      0   a0eng  </controlfield><controlfield tag="009">466</controlfield><datafield ind1=" " ind2=" " tag="010"><subfield code="a">sn 82014457 </subfield></datafield><datafield ind1=" " ind2=" " tag="040"><subfield code="a">DLC</subfield><subfield code="b">eng</subfield><subfield code="c">DLC</subfield><subfield code="d">NPT</subfield><subfield code="d">DLC</subfield></datafield><datafield ind1="1" ind2=" " tag="029"><subfield code="a">AU@</subfield><subfield code="b">000025818013</subfield></datafield><datafield ind1=" " ind2=" " tag="042"><subfield code="a">msc</subfield></datafield><datafield ind1="0" ind2="0" tag="050"><subfield code="a">Newspaper 7807</subfield></datafield><datafield ind1="0" ind2="4" tag="245"><subfield code="a">The Citizen-patriot.</subfield></datafield><datafield ind1="0" ind2="0" tag="246"><subfield code="a">Citizen patriot</subfield></datafield><datafield ind1="0" ind2="3" tag="246"><subfield code="a">Citizen</subfield><subfield code="f">Dec. 1, 1921-Apr. 6, 1922</subfield></datafield><datafield ind1=" " ind2=" " tag="260"><subfield code="a">Atwood, Kan. :</subfield><subfield code="b">Atwood Pub. Co.,</subfield><subfield code="c">1912-</subfield></datafield><datafield ind1=" " ind2=" " tag="300"><subfield code="a">v. :</subfield><subfield code="b">ill. ;</subfield><subfield code="c">49-61 cm.</subfield></datafield><datafield ind1=" " ind2=" " tag="310"><subfield code="a">Weekly</subfield></datafield><datafield ind1="0" ind2=" " tag="362"><subfield code="a">Vol. 32, no. 28 (Jan. 11, 1911 [i.e. 1912])-</subfield></datafield><datafield ind1=" " ind2=" " tag="500"><subfield code="a">Vol. 76, no. 12 called also Diamond Jubilee ed.</subfield></datafield><datafield ind1=" " ind2=" " tag="500"><subfield code="a">Publisher varies.</subfield></datafield><datafield ind1=" " ind2=" " tag="500"><subfield code="a">"Independent."</subfield></datafield><datafield ind1=" " ind2=" " tag="752"><subfield code="a">United States</subfield><subfield code="b">Kansas</subfield><subfield code="c">Rawlins</subfield><subfield code="d">Atwood.</subfield></datafield><datafield ind1="0" ind2="0" tag="780"><subfield code="t">Republican citizen and the Atwood patriot</subfield><subfield code="w">(DLC)sn 85031998</subfield></datafield><datafield ind1="0" ind2="5" tag="780"><subfield code="t">Square deal (Atwood, Kan.)</subfield><subfield code="g">Aug. 1934</subfield><subfield code="w">(DLC)sn 85031996</subfield></datafield><datafield ind1="0" ind2="5" tag="780"><subfield code="t">Herndon nonpareil (Herndon, Kan. : 1908)</subfield><subfield code="g">Mar. 1946</subfield><subfield code="w">(DLC)sn 85031994</subfield></datafield><datafield ind1="0" ind2="5" tag="780"><subfield code="t">McDonald standard</subfield><subfield code="g">Jan. 1956</subfield><subfield code="w">(DLC)sn 85031989</subfield></datafield></record>